@inproceedings{wang2013towards,
  title={Towards optimization-safe systems: Analyzing the impact of undefined behavior},
  author={Wang, Xi and Zeldovich, Nickolai and Kaashoek, M Frans and Solar-Lezama, Armando},
  booktitle={Proceedings of the Twenty-Fourth ACM Symposium on Operating Systems Principles},
  pages={260--275},
  year={2013},
  organization={ACM}
}

@inproceedings{memarian2016cdepths,
    title={Into the depths of {C}: elaborating the de facto standards},
  author={Memarian, Kayvan and Matthiesen, Justus and Lingard, James and Nienhuis, Kyndylan and Chisnall, David and Watson, Robert NM and Sewell, Peter},
  booktitle={ACM SIGPLAN Notices},
  volume={51},
  number={6},
  pages={1--15},
  year={2016},
  organization={ACM}
}

@misc{simon2018wygiwyc,
  title={What you get is what you {C}: Controlling side effects in mainstream {C} compilers},
  author={Simon, Laurent and Chisnall, David and Anderson, Ross},
  year={2018},
  publisher={EuroS\&P}
}
